<?xml version="1.0" encoding="UTF-8"?><record xmlns="http://www.loc.gov/MARC21/slim" xmlns:cinclude="http://apache.org/cocoon/include/1.0" xmlns:zs="http://www.loc.gov/zing/srw/">
  <leader>00546cz  a2200145n  4500</leader>
  <controlfield tag="001">n 2010027350</controlfield>
  <controlfield tag="003">DLC</controlfield>
  <controlfield tag="005">20130327075939.0</controlfield>
  <controlfield tag="008">100430n| azannaabn           a aaa      </controlfield>
  <datafield tag="010" ind1=" " ind2=" ">
    <subfield code="a">n 2010027350</subfield>
  </datafield>
  <datafield tag="040" ind1=" " ind2=" ">
    <subfield code="a">DLC</subfield>
    <subfield code="b">eng</subfield>
    <subfield code="e">rda</subfield>
    <subfield code="c">DLC</subfield>
    <subfield code="d">DLC</subfield>
  </datafield>
  <datafield tag="046" ind1=" " ind2=" ">
    <subfield code="s">1856</subfield>
  </datafield>
  <datafield tag="100" ind1="1" ind2=" ">
    <subfield code="a">Dayton, John,</subfield>
    <subfield code="d">active 1856</subfield>
  </datafield>
  <datafield tag="400" ind1="1" ind2=" ">
    <subfield code="w">nnea</subfield>
    <subfield code="a">Dayton, John,</subfield>
    <subfield code="d">fl. 1856</subfield>
  </datafield>
  <datafield tag="670" ind1=" " ind2=" ">
    <subfield code="a">NUCMC data from Camden County Historical Society for David I. Stilwell deed, 1856</subfield>
    <subfield code="b">(Deed from sellers John and Harriet Dayton to buyer David I. Stilwell for land in Union Township, Camden County, N.J.)</subfield>
  </datafield>
</record>